@ARTICLE{bruna2013invariant,
author={J. Bruna and S. Mallat},
journal={IEEE Transactions on Pattern Analysis and Machine Intelligence},
title={Invariant Scattering Convolution Networks},
year={2013},
volume={35},
number={8},
pages={1872-1886},
keywords={Gaussian processes;convolution;handwritten character recognition;image classification;image representation;image texture;principal component analysis;support vector machines;wavelet transforms;Fourier power spectrum;Gaussian kernel SVM;SIFT-type descriptors;averaging operators;complementary invariant information;deep convolution networks;deformations;generative PCA classifier;handwritten digits;high-frequency information;invariant scattering convolution networks;mathematical analysis;network layer;nonlinear modulus;scattering representation;state-of-the-art classification;stationary process;texture discrimination;translation invariant image representation;wavelet scattering network;wavelet transform convolutions;Computer architecture;Convolution;Fourier transforms;Scattering;Wavelet coefficients;Classification;convolution networks;deformations;invariants;wavelets},
doi={10.1109/TPAMI.2012.230},
ISSN={0162-8828},
month={Aug},}

@ARTICLE{anden2014deep,
author={J. Andén and S. Mallat},
journal={IEEE Transactions on Signal Processing},
title={Deep Scattering Spectrum},
year={2014},
volume={62},
number={16},
pages={4114-4128},
keywords={acoustic wave scattering;amplitude modulation;audio signal processing;cepstral analysis;signal classification;signal representation;GTZAN database;MFCC;TIMIT database;audio classification;deep scattering spectrum;frequency transposition invariant representation;mel-frequency cepstral coefficients;modulus operators;musical genre;phone classification;scattering transform;second-order scattering coefficients;spectrum coefficients;time-warping deformation;transient phenomena;wavelet convolutions;Convolution;Frequency modulation;Scattering;Spectrogram;Wavelet analysis;Wavelet transforms;Audio classification;MFCC;deep neural networks;modulation spectrum;wavelets},
doi={10.1109/TSP.2014.2326991},
ISSN={1053-587X},
month={Aug},}

@article {mallat2012group,
author = {Mallat, Stéphane},
title = {Group Invariant Scattering},
journal = {Communications on Pure and Applied Mathematics},
volume = {65},
number = {10},
publisher = {Wiley Subscription Services, Inc., A Wiley Company},
issn = {1097-0312},
url = {http://dx.doi.org/10.1002/cpa.21413},
doi = {10.1002/cpa.21413},
pages = {1331--1398},
year = {2012},
}

@misc{ifftmultiply,
  author = {Lostanlen, V.},
  url = {"https://github.com/lostanlen/scattering.m/blob/master/lib/convolution/ifft_multiply.m"},
  note = "[Online; accessed 30 November 2017]",
}

@misc{elastix,
  url = {http://elastix.isi.uu.nl/},
}

@phdthesis{bruna2013scattering,
  title={Scattering representations for recognition},
  author={Bruna, J.},
  year={2013},
  school={Ecole Polytechnique X}
}

@phdthesis{lostanlen2017convolutional,
  title={Convolutional operators in the time-frequency domain},
  author={Lostanlen, V.},
  year={2017},
  school={PSL Research University}
}

@article{adel2017scattering,
title = "3D scattering transforms for disease classification in neuroimaging",
journal = "NeuroImage: Clinical",
volume = "14",
number = "Supplement C",
pages = "506 - 517",
year = "2017",
issn = "2213-1582",
doi = "https://doi.org/10.1016/j.nicl.2017.02.004",
url = "http://www.sciencedirect.com/science/article/pii/S2213158217300384",
author = "Tameem Adel and Taco Cohen and Matthan Caan and Max Welling",
keywords = "Scattering representation, Feature extraction, MRI classification"
}

@article{oyallon2017scaling,
  title={Scaling the Scattering Transform: Deep Hybrid Networks},
  author={Oyallon, Edouard and Belilovsky, Eugene and Zagoruyko, Sergey},
  journal={preprint arXiv:1703.08961},
  year={2017}
}
